@online{bitmapstorage,
  title = {Microsoft Bitmap Storage},
  url = {https://msdn.microsoft.com/library/dd183391},
}

@online{mandelbrotwiki,
  title = {Mandelbrotova Mno≈æina - Wikipedie},
  url = {https://cs.wikipedia.org/wiki/Mandelbrotova_mno%C5%BEina},
}
